<?xml version="1.0" encoding="UTF-8"?>
<collection xmlns:xsi="http://www.w3.org/2001/XMLSchema-instance" xsi:schemaLocation="http://www.loc.gov/MARC21/slim http://www.loc.gov/standards/marcxml/schema/MARC21slim.xsd" xmlns="http://www.loc.gov/MARC21/slim">
<record>
  <leader>00824cam a22002051  4500</leader>
  <controlfield tag="001">2664370</controlfield>
  <controlfield tag="003">NNC</controlfield>
  <controlfield tag="005">20160718164925.0</controlfield>
  <controlfield tag="008">000913s1936    ua            000 0 ara d</controlfield>
  <datafield tag="035" ind1=" " ind2=" ">
    <subfield code="a">(OCoLC)ocm45005040</subfield>
  </datafield>
  <datafield tag="035" ind1=" " ind2=" ">
    <subfield code="9">ARB1889CU</subfield>
  </datafield>
  <datafield tag="035" ind1=" " ind2=" ">
    <subfield code="a">(NNC)2664370</subfield>
  </datafield>
  <datafield tag="040" ind1=" " ind2=" ">
    <subfield code="a">ZCU</subfield>
    <subfield code="c">ZCU</subfield>
  </datafield>
  <datafield tag="090" ind1=" " ind2=" ">
    <subfield code="a">K0</subfield>
    <subfield code="b">.D3231</subfield>
  </datafield>
  <datafield tag="100" ind1="1" ind2=" ">
    <subfield code="a">Dāhī, Muḥammad.</subfield>
  </datafield>
  <datafield tag="245" ind1="1" ind2="0">
    <subfield code="a">Mudhakkirāt fī minhāj al-ijrāʾāt wa-al-tamrīnāt al-qaḍāʾīyah wa-al-qaḍāyā dhāt al-mabādiʾ [li] l-firqah al-thānīyah [min] Qism Ijāzat al-Qaḍāʾ al-Sharʻī [bi-]Kullīyat al-Sharīʻah al-Islāmīyah,</subfield>
    <subfield code="c">harrarahā al-shaykh Muḥammad Ḍāḥī.</subfield>
  </datafield>
  <datafield tag="260" ind1=" " ind2=" ">
    <subfield code="a">Miṣr :</subfield>
    <subfield code="b">Matbaʻat al-Futūḥ,</subfield>
    <subfield code="c">1355 h., 1936 m.</subfield>
  </datafield>
  <datafield tag="300" ind1=" " ind2=" ">
    <subfield code="a">211, 7 p.</subfield>
    <subfield code="c">23 cm.</subfield>
  </datafield>
  <datafield tag="500" ind1=" " ind2=" ">
    <subfield code="a">At head of title: al-Azhar al-Sharīf.</subfield>
  </datafield>
  <datafield tag="955" ind1=" " ind2=" ">
    <subfield code="b">CU70713740</subfield>
    <subfield code="d">off,glx</subfield>
    <subfield code="e">K .D3231</subfield>
  </datafield>
</record>
</collection>